<?xml version="1.0" encoding="UTF-8"?><collection xmlns="http://www.loc.gov/MARC21/slim"><record><leader>00436nam--2200157-i-4500</leader><controlfield tag="001">000015796</controlfield><controlfield tag="002">20161230</controlfield><controlfield tag="005">20170220172459</controlfield><controlfield tag="008">060222s1000------------r-----000-0-eng-d</controlfield><datafield ind1=" " ind2=" " tag="100"><subfield code="a">Balas, Jan</subfield></datafield><datafield ind1=" " ind2=" " tag="245"><subfield code="a">Holograficka interferometria v experimentalnej mechanike</subfield></datafield><datafield ind1=" " ind2=" " tag="260"><subfield code="a">Bratislava</subfield><subfield code="b">Veda Vydavatelstwo Slovenskej Akademie</subfield><subfield code="c">1986</subfield></datafield><datafield ind1=" " ind2=" " tag="300"><subfield code="a">300 p</subfield></datafield><datafield ind1=" " ind2=" " tag="700"><subfield code="a">Szabo, Vendelin</subfield></datafield><datafield ind1=" " ind2=" " tag="852"><subfield code="a">778.4</subfield></datafield><datafield ind1=" " ind2=" " tag="CAT"><subfield code="a">SYS</subfield><subfield code="c">20170220</subfield><subfield code="h">172459</subfield></datafield></record></collection>